@Article{BGP72,
author={Bernstein, I.N. AND Gel'fand, I.M. AND Ponomarev, V.A.},
title={Coxeter functors and {G}abriel's theorem},
year={1972},
month={Décembre},
}

@Book{A97,
author={Assem, Ibrahim},
title={Algèbres et modules},
edition={Masson},
year={1997},
}

@Book{S66,
author={Serre, Jean-Pierre},
title={Algèbres de Lie semi-simples complexes},
edition={W.{A}. {B}enjamin, {I}nc.},
year={1966},
}

@Book{G72,
author={Gabriel, Pierre},
title={Unzerlegbare Darstellungen I},
edition={Manuscripta {M}ath.},
chapter={6},
pages={71-103},
year={1972},
}
